@inproceedings{coates2011text,
  title={Text detection and character recognition in scene images with unsupervised feature learning},
  author={Coates, Adam and Carpenter, Blake and Case, Carl and Satheesh, Sanjeev and Suresh, Bipin and Wang, Tao and Wu, David J and Ng, Andrew Y},
  booktitle={Document Analysis and Recognition (ICDAR), 2011 International Conference on},
  pages={440--445},
  year={2011},
  organization={IEEE}
}

@article{otsu1975threshold,
  title={A threshold selection method from gray-level histograms},
  author={Otsu, Nobuyuki},
  journal={Automatica},
  volume={11},
  number={285-296},
  pages={23--27},
  year={1975}
}

@incollection{isola2014crisp,
  title={Crisp boundary detection using pointwise mutual information},
  author={Isola, Phillip and Zoran, Daniel and Krishnan, Dilip and Adelson, Edward H},
  booktitle={Computer Vision--ECCV 2014},
  pages={799--814},
  year={2014},
  publisher={Springer}
}

@misc{lenet5,
  author = {Yann Lecun},
  title = {LeNet-5, convolutional neural networks},
  howpublished = {\url{http://yann.lecun.com/exdb/lenet/}},
}

@misc{graythresh,
  title = {Graythresh, Matlab Documentation},
  howpublished = {\url{http://www.mathworks.com/help/images/ref/graythresh.html}},
}

@misc{automaticdetect,
	title = {Automatically Detect and Recognize Text in Natural Images},
	howpublished = {\url{http://www.mathworks.com/help/images/ref/graythresh.html}}
}

@inproceedings{svhn,
  title={Reading digits in natural images with unsupervised feature learning},
  author={Netzer, Yuval and Wang, Tao and Coates, Adam and Bissacco, Alessandro and Wu, Bo and Ng, Andrew Y},
  booktitle={NIPS workshop on deep learning and unsupervised feature learning},
  volume={2011},
  number={2},
  pages={5},
  year={2011},
  organization={Granada, Spain}
}

@article{maxout,
  title={Maxout networks},
  author={Goodfellow, Ian J and Warde-Farley, David and Mirza, Mehdi and Courville, Aaron and Bengio, Yoshua},
  journal={arXiv preprint arXiv:1302.4389},
  year={2013}
}

@article{deepbelief,
  title={Multi-digit number recognition from street view imagery using deep convolutional neural networks},
  author={Goodfellow, Ian J and Bulatov, Yaroslav and Ibarz, Julian and Arnoud, Sacha and Shet, Vinay},
  journal={arXiv preprint arXiv:1312.6082},
  year={2013}
}

@article{dropout,
  title={Dropout: A simple way to prevent neural networks from overfitting},
  author={Srivastava, Nitish and Hinton, Geoffrey and Krizhevsky, Alex and Sutskever, Ilya and Salakhutdinov, Ruslan},
  journal={The Journal of Machine Learning Research},
  volume={15},
  number={1},
  pages={1929--1958},
  year={2014},
  publisher={JMLR. org}
}

@inproceedings{lecun_convolutional_svhn,
  title={Convolutional neural networks applied to house numbers digit classification},
  author={Sermanet, Pierre and Chintala, Soumith and LeCun, Yann},
  booktitle={Pattern Recognition (ICPR), 2012 21st International Conference on},
  pages={3288--3291},
  year={2012},
  organization={IEEE}
}


@misc{theano,
        author = {Bastien, Fr{\'{e}}d{\'{e}}ric and Lamblin, Pascal and Pascanu, Razvan and Bergstra, James and Goodfellow, Ian J. and Bergeron, Arnaud and Bouchard, Nicolas and Bengio, Yoshua},
         title = {Theano: new features and speed improvements},
          year = {2012},
  howpublished = {Deep Learning and Unsupervised Feature Learning NIPS 2012 Workshop},
}

@misc{lasagne,
  title = {Neural Network Tools for Theano},
  howpublished = {\url{https://github.com/Lasagne/Lasagne}},
}

@misc{nolearn,
  title = {scikit-learn compatible wrappers for neural net libraries},
  howpublished = {\url{http://pythonhosted.org/nolearn/}}

}

@article{numpyscipy,
  title={The NumPy array: a structure for efficient numerical computation},
  author={Van Der Walt, Stefan and Colbert, S Chris and Varoquaux, Gael},
  journal={Computing in Science \& Engineering},
  volume={13},
  number={2},
  pages={22--30},
  year={2011},
  publisher={AIP Publishing}
}

@inproceedings{relu,
  title={Rectified linear units improve restricted boltzmann machines},
  author={Nair, Vinod and Hinton, Geoffrey E},
  booktitle={Proceedings of the 27th International Conference on Machine Learning (ICML-10)},
  pages={807--814},
  year={2010}
}